<mx:record xmlns="http://www.w3.org/TR/xhtml1/strict" xmlns:mx="http://www.loc.gov/MARC21/slim" xmlns:xsi="http://www.w3.org/2001/XMLSchema-instance"><mx:leader>00000cz   2200000n  4500</mx:leader><mx:controlfield tag="001">oca00903430 </mx:controlfield><mx:controlfield tag="005">20030523053623.0</mx:controlfield><mx:controlfield tag="008">830706n| acannaabn          |a aaa     c</mx:controlfield><mx:datafield ind1=" " ind2=" " tag="010"><mx:subfield code="a">n  83008337 </mx:subfield></mx:datafield><mx:datafield ind1=" " ind2=" " tag="040"><mx:subfield code="a">InU</mx:subfield><mx:subfield code="c">DLC</mx:subfield><mx:subfield code="d">DLC</mx:subfield><mx:subfield code="d">InU</mx:subfield></mx:datafield><mx:datafield ind1="0" ind2=" " tag="100"><mx:subfield code="a">Gennadius,</mx:subfield><mx:subfield code="c">of Marseilles,</mx:subfield><mx:subfield code="d">5th cent.</mx:subfield></mx:datafield><mx:datafield ind1="0" ind2=" " tag="400"><mx:subfield code="a">Gennadius,</mx:subfield><mx:subfield code="c">Massiliensis,</mx:subfield><mx:subfield code="d">5th cent.</mx:subfield></mx:datafield><mx:datafield ind1="0" ind2=" " tag="400"><mx:subfield code="a">Gennade,</mx:subfield><mx:subfield code="c">of Marseilles,</mx:subfield><mx:subfield code="d">5th cent.</mx:subfield></mx:datafield><mx:datafield ind1="0" ind2=" " tag="400"><mx:subfield code="a">Gennadius,</mx:subfield><mx:subfield code="c">Scholasticus,</mx:subfield><mx:subfield code="d">5th cent.</mx:subfield></mx:datafield><mx:datafield ind1=" " ind2=" " tag="670"><mx:subfield code="a">His Gennadii Massiliensis Liber de ecclesiasticis dogmatibus, 1856:</mx:subfield><mx:subfield code="b">t.p. (...Gennadii Massiliensis)</mx:subfield></mx:datafield><mx:datafield ind1=" " ind2=" " tag="670"><mx:subfield code="a">New Cath. Enc.</mx:subfield><mx:subfield code="b">(Gennadius, of Marseilles, 5th cent. priest and theological writer; d. between 492 and 505)</mx:subfield></mx:datafield><mx:datafield ind1=" " ind2=" " tag="670"><mx:subfield code="a">Enc. Brit., 1983</mx:subfield><mx:subfield code="b">(Gennadius, of Marseilles, fl. late 5th cent.)</mx:subfield></mx:datafield><mx:datafield ind1=" " ind2=" " tag="670"><mx:subfield code="a">Thomas, J. Univ. dict. of biog. &amp; myth., 4th ed.</mx:subfield><mx:subfield code="b">(Gennadius [Fr. Gennade] of Marseilles, a priest or presbyter; lived about 470-500)</mx:subfield></mx:datafield><mx:datafield ind1=" " ind2=" " tag="670"><mx:subfield code="a">NUC Pre-1956</mx:subfield><mx:subfield code="b">(Gennadius Massiliensis, presbyter, 5th cent.)</mx:subfield></mx:datafield><mx:datafield ind1=" " ind2=" " tag="670"><mx:subfield code="a">Cath. encyc. online, 22 May 2003</mx:subfield><mx:subfield code="b">(Gennadius of Marseilles (Gennadius Scholasticus)), probably lived at the end of the 5th cent.)</mx:subfield></mx:datafield><mx:datafield ind1=" " ind2=" " tag="999"><mx:subfield code="a">934.0771</mx:subfield></mx:datafield></mx:record>